@article{hansen_ax25,
  title={PIC-et Radio: How to Send AX.25 UI Frames Using Inexpensive PIC Microprocessors},
  author={John Hansen A.},
  journal={ARRL and TAPR Digital Communications Conference},
  volume={27th},
  pages={29-37},
  year={1998},
  publisher={}
}

@INPROCEEDINGS{arduino_afsk,
  author={Velasco, Luis Sánchez and Aranda, Andrés Roldán},
  booktitle={2018 XIII Technologies Applied to Electronics Teaching Conference (TAEE)}, 
  title={Software Based AFSK Generation on Arduino}, 
  year={2018},
  volume={},
  number={},
  pages={1-5},
  doi={10.1109/TAEE.2018.8475994}}

@ARTICLE{speakeasy,
  author={Lackey, R.I. and Upmal, D.W.},
  journal={IEEE Communications Magazine}, 
  title={Speakeasy: the military software radio}, 
  year={1995},
  volume={33},
  number={5},
  pages={56-61},
  doi={10.1109/35.392998}}
