@article{hansen_ax25,
  title={PIC-et Radio: How to Send AX.25 UI Frames Using Inexpensive PIC Microprocessors},
  author={John Hansen A.},
  journal={ARRL and TAPR Digital Communications Conference},
  volume={27th},
  pages={29-37},
  year={1998},
  publisher={}
}

@manual{st_datasheet,
  author       = {STMicroelectronics},
  title        = {DS9484 - STM32F429xx Data sheet},
}

